<marc:record xmlns:marc="http://www.loc.gov/MARC21/slim"><marc:leader>00599nam a22001330a 45 0</marc:leader><marc:controlfield tag="001">306547</marc:controlfield><marc:controlfield tag="003">NL-AMISG</marc:controlfield><marc:controlfield tag="005">19950210234845.0</marc:controlfield><marc:controlfield tag="008">199502suuuuuuuu||||||||||||||||||||||| d</marc:controlfield><marc:datafield ind1=" " ind2=" " tag="035"><marc:subfield code="a">(IISG)IISGb10058397</marc:subfield></marc:datafield><marc:datafield ind1=" " ind2=" " tag="040"><marc:subfield code="a">NL-AmISG</marc:subfield></marc:datafield><marc:datafield ind1="1" ind2=" " tag="100"><marc:subfield code="a">Braunthal, Alfred.</marc:subfield></marc:datafield><marc:datafield ind1="1" ind2="4" tag="245"><marc:subfield code="a">Die Wirtschaft der Gegenwart und ihre Gesetze. Ein Sozialistisches Lehrbuch der Nationalökonomie.</marc:subfield></marc:datafield><marc:datafield ind1=" " ind2=" " tag="260"><marc:subfield code="a">Berlin,</marc:subfield><marc:subfield code="c">1930.</marc:subfield></marc:datafield><marc:datafield ind1=" " ind2=" " tag="690"><marc:subfield code="a">D 1157</marc:subfield><marc:subfield code="b">Germany; social history; 19th, 20th century; socialism; socialist theories; economy</marc:subfield><marc:subfield code="c">Duitsland; geschiedenis der sociale toestanden, bewegingen, organisaties en ideeën; de 18e tot 20e eeuw; socialisme; socialistische theorie; socialisme en economie.</marc:subfield></marc:datafield><marc:datafield ind1=" " ind2=" " tag="852"><marc:subfield code="a">IISG</marc:subfield><marc:subfield code="b">IISG</marc:subfield><marc:subfield code="c">IISG</marc:subfield><marc:subfield code="j">D 1157/19</marc:subfield><marc:subfield code="p">N10057768</marc:subfield></marc:datafield><marc:datafield ind1=" " ind2=" " tag="901"><marc:subfield code="a">306547</marc:subfield><marc:subfield code="b">Unknown</marc:subfield><marc:subfield code="c">306547</marc:subfield><marc:subfield code="t">biblio</marc:subfield></marc:datafield><marc:datafield ind1=" " ind2=" " tag="902"><marc:subfield code="a">10622/FFC3188A-B1FB-4568-878A-6A2C0F51F8CC</marc:subfield></marc:datafield></marc:record>